@article{fuck,
    author =       "John E. Freund's",
    title =        "Mathematical Statistics with Applications",
    journal =      "Pearson New International Edition",
    number =       "10",
    pages =        "891--921",
    year =         "1905",
    DOI =          "http://dx.doi.org/10.1002/andp.19053221004"
}

@book{freund,
    author    = "John E. Freund",
    title     = "Mathematical Statistics with Applications",
    year      = "2014",
    publisher = "Pearson",
}

@book{blundell,
    author    = "Stephen J. Blundell and Katherine M. Blundell",
    title     = "Concepts in Thermal Physics",
    year      = "2006",
    publisher = "Department of Physics, University of Oxford, UK",
}

@misc{wiki,
    title     = "Wikipedia",
    url       = "https://es.wikipedia.org/wiki/Wikipedia:Portada"
}